
@misc{prodanovic_level_2010,
	title = {Level {Set} {Method} based {Progressive} {Quasi}-{Static} ({LSMPQS}) software},
	url = {http://users.ices.utexas.edu/~masha/lsmpqs/index.html},
	urldate = {2010-01-30},
	author = {Prodanovic, Masa},
	month = jan,
	year = {2010}
}

@misc{noauthor_worlds_nodate,
	title = {The world's leading software development platform Â· {GitHub}},
	url = {https://github.com/},
	urldate = {2017-05-25}
}

@article{prodanovic_digital_2015,
	title = {Digital {Rocks} {Portal}, https://www.digitalrocksportal.org/},
	url = {http://dx.doi.org/10.17612/P7CC7K},
	doi = {10.17612/P7CC7K},
	urldate = {2015-10-30},
	author = {Prodanovic, Masa and Esteva, Maria and Hanlon, Matthew and Nanda, Gaurav and Agarwal, Prateek},
	year = {2015}
}

@misc{ghanbarzadeh_meteorite_2016,
	title = {Meteorite {NWA} 2993: {A} primitive achondrite},
	shorttitle = {Meteorite {NWA} 2993},
	url = {https://doi.org/10.17612/P7NP41},
	urldate = {2016-09-27},
	publisher = {Digital Rocks Portal University of Texas at Austin},
	author = {Ghanbarzadeh, Soheil and Prodanovic, Masa},
	year = {2016}
}

@misc{ghanbarzadeh_synthetic_2015,
	title = {Synthetic rock salt},
	url = {https://doi.org/10.17612/P7MW21},
	urldate = {2017-03-03},
	publisher = {Digital Rocks Portal University of Texas at Austin},
	author = {Ghanbarzadeh, Soheil and Hesse, Marc A. and Prodanovic, Masa and Gardner, James E.},
	year = {2015}
}