% InSAR references

@article{galloway2011,
  title={Review: regional land subsidence accompanying groundwater extraction},
  author={Galloway, Devin L and Burbey, Thomas J},
  journal={Hydrogeology Journal},
  volume={19},
  number={8},
  pages={1459--1486},
  year={2011},
  publisher={Springer}
}

@article {Shanker2007,
author = {Shanker, Piyush and Zebker, Howard},
title = {Persistent scatterer selection using maximum likelihood estimation},
journal = {Geophysical Research Letters},
volume = {34},
number = {22},
issn = {1944-8007},
doi = {10.1029/2007GL030806},
year = {2007},
}

@article {Chen2015,
author = {Chen, Jingyi and Zebker, Howard A. and Knight, Rosemary},
title = {A persistent scatterer interpolation for retrieving accurate ground deformation over {InSAR}-decorrelated agricultural fields},
journal = {Geophysical Research Letters},
issn = {1944-8007},
doi = {10.1002/2015GL065031},
year = {2015},
}

@article {Chen2016,
author = {Chen, Jingyi and Knight, Rosemary and Zebker, Howard A. and SchreÃŒder, Willem A.},
title = {Confined aquifer head measurements and storage properties in the San Luis Valley, Colorado, from spaceborne InSAR observations},
journal = {Water Resources Research},
volume = {52},
number = {5},
issn = {1944-7973},
doi = {10.1002/2015WR018466},
pages = {3623--3636},
year = {2016},
}

@article{Chen2017,
author = {Chen, Jingyi and Knight, Rosemary and Zebker, Howard A.},
title = {The Temporal and Spatial Variability of the Confined Aquifer Head and Storage Properties in the San Luis Valley, Colorado Inferred From Multiple InSAR Missions},
journal = {Water Resources Research},
volume = {53},
number = {11},
year = {2017},
pages = {9708-9720},
doi = {10.1002/2017WR020881},
}

@article {SLV_report,
author = {Hearne, G. A. and Dewey, J. D.},
title = {Hydrologic analysis of the {Rio Grande Basin} north of {Embudo, New Mexico, Colorado and New Mexico}},
journal = {U.S. Geological Survey Water-Resources Investigations Report 86-4113},
pages ={244},
year = {1988},
}

@article {RGDSS,
author = {Schre{\"u}der, W.},
title = {{Rio Grande Decision Support System Groundwater Model} as of July 29, 2005},
journal = {Principia Mathematica Report, Lakewood, Colorado},
year = {2005},
}

@article {Rules,
author = {Kuenhold, O. J.},
title = {Confined Aquifer New Use Rules for Division 3: Findings of Fact, Conclusions of Law, Judgement and Decree, edited},
journal = {District Court, Water Division No. 3, Colorado},
year = {2006},
}