
@Misc{Treuropa12,
  OPTkey = 	 {},
  author = 	 {TRE},
  OPTtitle = 	 {},
  OPThowpublished = {},
  OPTmonth = 	 {},
  year = 	 {2012},
  note     = 	 {\url{http://treuropa.com/}},
  OPTannote = 	 {}
}

@BOOK{NAEWakeTurbulence,
author =       {A. Broderick and P. Bevilaqua and J. Crouch and F. Gregory 
                and F. Hussain and B. Jeffers and D. Newton and D.P. Nguyen
                and J. Powell and A. Spain and R. Stone and K. Willcox},
title =        {{Wake Turbulence, An Obstacle to Increased Air Traffic Capacity }},
publisher =  {The National Academies Press},
year =         {2008},
address =      {Washington D.C.},
}

@book{MillettEstrin12,
  title={Computing Research for Sustainability},
  author = {L.I. Millett and D.L. Estrin and others},
  isbn={9780309257589},
  url={http://www.nap.edu/openbook.php?record_id=13415},
  year={2012},
  publisher={Committee on Computing Research for Environmental and Societal Sustainability, Computer Science and Telecommunications Board, Division on Engineering and Physical Sciences, National Research Council, The National Academies Press} 
}


@ARTICLE{AlexanderianPetraStadlerEtAl14,
  author = {Alen Alexanderian and Noemi Petra and Georg Stadler and Omar Ghattas},
  title = {A scalable {MAP}-based algorithm for optimal experimental design
for large-scale {B}ayesian nonlinear inverse problems},
  journal = {(to be submitted)},
  year = {2014},
  note = {},
  owner = {ccgo},
  timestamp = {2013.09.02}
}


@ARTICLE{IglesiasMcLaughlin12,
  author = {Iglesias, Marco A and McLaughlin, Dennis},
  title = {Data inversion in coupled subsurface flow and geomechanics models},
  journal = {Inverse Problems},
  year = {2012},
  volume = {28},
  pages = {115009},
  number = {11},
  publisher = {IOP Publishing}
}

@ARTICLE{CuiMartinMarzoukEtAl14,
  author = {Cui, Tiangang and Martin, James and Marzouk, Youssef M. and Solonen,
	Antti and Spantini, Alessio},
  title = {Likelihood-informed dimension reduction for nonlinear inverse problems},
  journal = {arXiv preprint arXiv:1403.4680},
  year = {2014}
}


@ARTICLE{CuiMarzoukWillcox14,
  author = {Cui, Tiangang and Marzouk, Youssef M and Willcox, Karen E},
  title = {Data-Driven Model Reduction for the Bayesian Solution of Inverse
	Problems},
  journal = {arXiv preprint arXiv:1403.4290},
  year = {2014}
}
