@TechReport{alexandrov1,
  author    = {N. Alexandrov and J. Dennis and R. Lewis and V. Torczon},
  title     = {A Trust Region Framework for Managing the Use of Approximation Models in Optimization},
  institution =  {NASA},
  year  =     {1997},
  number    =   {CR-201745},
  month     =    {October},
}
@TechReport{alexandrov2,
  author    = {N. Alexandrov and R. Lewis and M. Lewis and C. Gumbert and L. Green and P. Newman},
  title     = {Optimization with Variable-fidelity Models Applied to Wing Design},
  institution =  {NASA},
  year  =     {1999},
  number    =   {CR-209826},
  month     =    {December},
}
@Article{alexandrov3,
  author =       {N. Alexandrov and R. Lewis and C. Gumbert and L. Green and P. Newman},
  title =        {Approximation and Model Management in Aerodynamic Optimization with Variable-Fidelity Models},
  journal =      {AIAA Journal},
  year =         {2001},
  volume =    {38},
  number =    {6},
  month =     {November-December},
  pages =     {1093-1101}
}

@BOOKLET{Ng2012,
  title =        {Multifidelity Uncertainty Propagation for Optimization Under Uncertainty},
  author =       {Ng, L. and Huynh, D.B.P. and Willcox, K.},
  howpublished = {Proceedings of 14th AIAA/ISSMO Multidisciplinary Analysis and Optimization Conference,
  Indianapolis, IN},
  month =        {September},
  year =         {2012},
}


@ARTICLE{Lieberman2012,
  author =       {Lieberman, C. and Willcox, K.},
  title =        {Goal-oriented inference: Approach, linear theory, and application to advection-diffusion},
  journal =      {SIAM Journal on Scientific Computing},
  year =         {2012},
  volume =       {34},
  number =       {4},
  pages =        {1880--1904},
}

@book{birge1997introduction,
  title={Introduction to {S}tochastic {P}rogramming},
  author={Birge, J.R. and Louveaux, F.},
  year={1997},
  publisher={Springer Verlag}
}
@book{shapiro2009lectures,
  title={Lectures on {S}tochastic {P}rogramming: {M}odeling and {T}heory},
  author={Shapiro, A. and Dentcheva, D. and Ruszczy{\'n}ski, A.},
  year={2009},
  publisher={SIAM}
}
@article{ben2006extending,
  title={Extending scope of robust optimization: Comprehensive robust counterparts of uncertain problems},
  author={Ben-Tal, A. and Boyd, S. and Nemirovski, A.},
  journal={Mathematical Programming},
  volume={107},
  number={1},
  pages={63--89},
  year={2006},
  publisher={Springer}
}
@article{bertsimas2004price,
  title={The price of robustness},
  author={Bertsimas, D. and Sim, M.},
  journal={Operations {R}esearch},
  volume={52},
  number={1},
  pages={35--53},
  year={2004},
  publisher={INFORMS}
}
@book{kushner,
  title={Stochastic approximation and recursive algorithms and applications},
  author={Kushner, H.J. and Yin, G.},
  series={Applications of Mathematics},
  year={2003},
  publisher={Springer}
}

@article{nemirovski:2009:rsa,
  author       = {Nemirovski, A and Juditsky, A. and Lan, G. and
                  Shapiro, A.},
  title        = {Robust Stochastic Approximation Approach to
                  Stochastic Programming},
  journal      = {SIAM Journal on Optimization},
  year         = {2009},
  volume       = {19},
  number       = {4},
  pages        = {1574-1609}
}
@Article{bayraksan:2009:asq,
  author = 	 {Guzin Bayraksan and David Morton},
  title = 	 {Assessing Solution Quality in Stochastic Programs via Sampling},
  journal = 	 {Tutorials in Operations Research},
  year = 	 {2009},
  volume = 	 {5},
  pages = 	 {102--122}
}

